@book{dunford,
  title={Линейные операторы. Общая теория},
  author={Данфорд, Нельсон and Шварц, Джеймс Т.},
  year={1966},
  publisher={Издательство иностранной литературы},
  language={russian}
}

@book{antonevich2,
  title={Линейные функциональные уравнения: операторный подход},
  author={Антоневич, Анатолий Борисович},
  year={1988},
  language={russian}
}

@book{antonevich,
  title={Functional differential equations: I. $C^*$-theory, Pitman Monographs and Surveys in Pure and Applied Mathematics, Vol. 70},
  author={Antonevich, A and Lebedev, AV},
  year={1994},
  publisher={Longman Scientific \& Technical, Harlow, Essex, England}
}

@article{bohr2005,
  title={Spectral analysis of operators with the two-point Bohr spectrum},
  author={Baskakov, AG and Krishtal, IA},
  journal={Journal of mathematical analysis and applications},
  volume={308},
  number={2},
  pages={420--439},
  year={2005},
  publisher={Elsevier}
}

@article{relations2002,
  title={Спектральный анализ линейных отношений и вырожденные полугруппы операторов},
  author={Баскаков, Анатолий Григорьевич and Чернышов, Кoрнелий Иссидорович},
  journal={Математический сборник},
  volume={193},
  number={11},
  pages={3--42},
  year={2002},
  publisher={Российская академия наук, Отделение математических наук},
  language={russian}
}

@article{relations2008,
  title={Линейные отношения как генераторы полугрупп операторов},
  author={Баскаков, Анатолий Григорьевич},
  journal={Математические заметки},
  volume={84},
  number={2},
  pages={175--192},
  year={2008},
  publisher={Российская академия наук, Отделение математических наук},
  language={russian}
}

@book{kurbatov,
  title={Линейные дифференциально-разностные уравнения},
  author={Курбатов, Виталий Геннадьевич and Садовский, Б Н},
  year={1990},
  publisher={Воронежского ун-та},
  language={russian}
}

@book{kurbatov2,
  title={Functional differential operators and equations},
  author={Kurbatov, Vitaliy Gennad'evich},
  volume={473},
  year={1999},
  publisher={Springer Science \& Business Media}
}

@book{massera,
  title={Линейные дифференциальные уравнения и функциональный анализ},
  author={Массера, Хосе Луис and Шеффер, Хуан Хосе},
  year={1970},
  publisher={Мир},
  language={russian}
}

@book{henri,
  title={Геометрическая теория полулинейных параболических уравнений},
  author={Хенри, Дэн},
  year={1985},
  publisher={Мир},
  language={russian}
}

@article{megan,
  title={Discrete admissibility and exponential dichotomy for evolution families},
  author={Megan, Mihail and Sasu, Adina Lumini{\c{t}}a and Sasu, Bogdan},
  journal={Discrete and Continuous Dynamical Systems},
  volume={9},
  number={2},
  pages={383--398},
  year={2003},
  publisher={SOUTHWEST MISSOURI STATE UNIVERSITY}
}

@article{dorogovtsev,
  title={Periodicity in distribution. I. Discrete systems},
  author={Dorogovtsev, A Ya},
  journal={Int. Journal of Mathematics and Mathematical Sciences},
  volume={30},
  number={2},
  pages={65--127},
  year={2002},
  publisher={Hindawi Publishing Corporation}
}

@book{chicone,
  title={Evolution semigroups in dynamical systems and differential equations},
  author={Chicone, Carmen and Latushkin, Yuri},
  volume={70},
  year={1999},
  publisher={American Mathematical Soc.}
}

@article{inverse1992,
  title={Абстрактный гармонический анализ и асимптотические оценки элементов обратных матриц},
  author={Баскаков, Анатолий Григорьевич},
  journal={Мат. заметки},
  volume={52},
  number={2},
  pages={17--26},
  year={1992},
  publisher={Российская академия наук, Отделение математических наук},
  language={russian}
}

@article{memory2014,
  title={Memory estimation of inverse operators},
  author={Baskakov, Anatoly G and Krishtal, Ilya A},
  journal={Journal of Functional Analysis},
  volume={267},
  number={8},
  pages={2551--2605},
  year={2014},
  publisher={Elsevier}
}

@article{green2015,
  title={Оценки функции Грина и параметров экспоненциальной дихотомии гиперболической полугруппы операторов и линейных отношений},
  author={Баскаков, Анатолий Григорьевич},
  journal={Математический сборник},
  volume={206},
  number={8},
  pages={23--62},
  year={2015},
  publisher={Российская академия наук, Отделение математических наук},
  language={russian}
}

@incollection{shkalikov,
  title={Operator pencils arising in elasticity and hydrodynamics: the instability index formula},
  author={Shkaliko, AA},
  booktitle={Recent Developments in Operator Theory and its Applications},
  pages={358--385},
  year={1996},
  publisher={Springer}
}

@article{HryShk03,
  title={Экспоненциальная устойчивость полугрупп, связанных с некоторыми операторными моделями в механике},
  author={Гринив, Ростислав Олегович and Шкаликов, Андрей Андреевич},
  journal={Математические заметки},
  volume={73},
  number={5},
  pages={657--664},
  year={2003},
  publisher={Российская академия наук, Отделение математических наук},
  language={russian}
}

@article{BasDup15,
  title={Разностные операторы и операторные матрицы второго порядка},
  author={Баскаков, Анатолий Григорьевич and Дуплищева, Анастасия Юрьевна},
  journal={Известия Российской академии наук. Серия математическая},
  volume={79},
  number={2},
  pages={3--20},
  year={2015},
  publisher={Российская академия наук, Отделение математических наук},
  language={russian}
}

@article{BasPas01,
  title={Спектральный анализ оператора взвешенного сдвига с неограниченными операторными коэффициентами},
  author={Баскаков, Анатолий Григорьевич and Пастухов, Алексей Иванович},
  journal={Сиб. мат. журн},
  volume={42},
  number={6},
  pages={1231--1243},
  year={2001},
  language={russian}
}

@article{Bas00,
  title={Об обратимости и фредгольмовости разностных операторов},
  author={Баскаков, Анатолий Григорьевич},
  journal={Математические заметки},
  volume={67},
  number={6},
  pages={816--827},
  year={2000},
  publisher={Российская академия наук, Отделение математических наук},
  language={russian}
}

@article{Bas13,
  title={Исследование линейных дифференциальных уравнений методами спектральной теории разностных операторов и линейных отношений},
  author={Баскаков, Анатолий Григорьевич},
  journal={Успехи математических наук},
  volume={68},
  number={1 (409},
  pages={77--128},
  year={2013},
  publisher={Российская академия наук, Отделение математических наук},
  language={russian}
}

@article{Bas01,
  title={Об обратимости линейных разностных операторов с постоянными коэффициентами},
  author={Баскаков, Анатолий Григорьевич},
  journal={Известия высших учебных заведений. Математика},
  number={5},
  year={2001},
  publisher={Федеральное государственное автономное образовательное учреждение высшего профессионального образования" Казанский (Приволжский) федеральный университет"},
  language={russian}
}

@article{Bas15,
  title={Гармонический и спектральный анализ операторов с ограниченными степенями и ограниченных полугрупп операторов на банаховом пространстве},
  author={Баскаков, Анатолий Григорьевич},
  journal={Математические заметки},
  volume={97},
  number={2},
  pages={174--190},
  year={2015},
  publisher={Российская академия наук, Отделение математических наук},
  language={russian}
}

@article{Bic10,
  title={О спектре разностных и дифференциальных операторов в весовых пространствах},
  author={Бичегкуев, Маирбек Сулейманович},
  journal={Функциональный анализ и его приложения},
  volume={44},
  number={1},
  pages={80--83},
  year={2010},
  publisher={Российская академия наук, Отделение математических наук},
  language={russian}
}

@article{Bic13,
  title={К спектральному анализу разностных и дифференциальных операторов в весовых пространствах},
  author={Бичегкуев, Маирбек Сулейманович},
  journal={Математический сборник},
  volume={204},
  number={11},
  pages={3--20},
  year={2013},
  publisher={Российская академия наук, Отделение математических наук},
  language={russian}
}

@article{Bic14,
  title={Спектральный анализ дифференциальных операторов с неограниченными операторными коэффициентами в весовых пространствах функций},
  author={Бичегкуев, Маирбек Сулейманович},
  journal={Математические заметки},
  volume={95},
  number={1},
  pages={18--25},
  year={2014},
  publisher={Российская академия наук, Отделение математических наук},
  language={russian}
}
